<?xml version="1.0" encoding="UTF-8"?><collection xmlns="http://www.loc.gov/MARC21/slim"><record><leader>00362nam--2200133-i-4500</leader><controlfield tag="001">000015352</controlfield><controlfield tag="002">20161230</controlfield><controlfield tag="005">20161230201031</controlfield><controlfield tag="008">060222s1000------------r-----000-0-eng-d</controlfield><datafield ind1=" " ind2=" " tag="245"><subfield code="a">Coherent ecitations in biological systems. wit h 90 figures</subfield></datafield><datafield ind1=" " ind2=" " tag="260"><subfield code="a">Berlin, Springer-verlag, 1983</subfield></datafield><datafield ind1=" " ind2=" " tag="490"><subfield code="a">Viii+224p</subfield></datafield><datafield ind1=" " ind2=" " tag="700"><subfield code="a">Frohlich, H.And Kremer, F</subfield></datafield><datafield ind1=" " ind2=" " tag="852"><subfield code="a">577.38</subfield></datafield></record></collection>